<?xml version="1.0" encoding="UTF-8"?><collection xmlns="http://www.loc.gov/MARC21/slim"><record><leader>00439nam--2200133-i-4500</leader><controlfield tag="001">000033943</controlfield><controlfield tag="002">20161230</controlfield><controlfield tag="005">20161230201039</controlfield><controlfield tag="008">060222s1000------------r-----000-0-eng-d</controlfield><datafield ind1=" " ind2=" " tag="080"><subfield code="a">621.384.6</subfield></datafield><datafield ind1=" " ind2=" " tag="100"><subfield code="a">Morrison, R</subfield></datafield><datafield ind1=" " ind2=" " tag="245"><subfield code="a">L`ionisation produite dans des gaz par un faisceau d`electrons relativistes en fonction de la pression et de la temperature</subfield></datafield><datafield ind1=" " ind2=" " tag="260"><subfield code="a">Paris, La Faculte Des Sciences, /1967/, /-38-56p.+ 15 Fig</subfield></datafield><datafield ind1=" " ind2=" " tag="852"><subfield code="a">27644</subfield></datafield></record></collection>